

@book{chen2005nanoscale,
  title={Nanoscale energy transport and conversion: a parallel treatment of electrons, molecules, phonons, and photons},
  author={Chen, Gang},
  year={2005},
  publisher={Oxford University Press, USA}
}
@article{chen2002ballistic,
  title={Ballistic-diffusive equations for transient heat conduction from nano to macroscales},
  author={Chen, Gang},
  journal={Journal of Heat transfer},
  volume={124},
  number={2},
  pages={320--328},
  year={2002},
  publisher={American Society of Mechanical Engineers}
}
@article{chen2001ballistic,
  title={Ballistic-diffusive heat-conduction equations},
  author={Chen, Gang},
  journal={Physical Review Letters},
  volume={86},
  number={11},
  pages={2297},
  year={2001},
  publisher={APS}
}
@book{tzou1996macro,
  title={Macro-to micro-scale heat transfer: the lagging behavior},
  author={Tzou, Da Yu},
  year={1996},
  publisher={CRC Press}
}
@article{wang2007heat,
  title={Heat transfer characteristics of nanofluids: a review},
  author={Wang, Xiang-Qi and Mujumdar, Arun S},
  journal={International journal of thermal sciences},
  volume={46},
  number={1},
  pages={1--19},
  year={2007},
  publisher={Elsevier}
}
@article{ding2006heat,
  title={Heat transfer of aqueous suspensions of carbon nanotubes (CNT nanofluids)},
  author={Ding, Yulong and Alias, Hajar and Wen, Dongsheng and Williams, Richard A},
  journal={International Journal of Heat and Mass Transfer},
  volume={49},
  number={1},
  pages={240--250},
  year={2006},
  publisher={Elsevier}
}

@article{guyer1966solution,
  title={Solution of the linearized phonon Boltzmann equation},
  author={Guyer, Robert Alan and Krumhansl, JA},
  journal={Physical Review},
  volume={148},
  number={2},
  pages={766},
  year={1966},
  publisher={APS}
}
@article{tzou2010nonlocal,
  title={Nonlocal behavior in thermal lagging},
  author={Tzou, DY and Guo, Zeng-Yuan},
  journal={International Journal of Thermal Sciences},
  volume={49},
  number={7},
  pages={1133--1137},
  year={2010},
  publisher={Elsevier}
}
@book{Jou1996extended,
  title={Extended irreversible thermodynamics},
  author={Jou, David and Casas-V{\'a}zquez, Jos{\'e} and Lebon, Georgy},
  year={1996},
  publisher={Springer}
}
@article{lebon2008classical,
  title={Classical Irreversible Thermodynamics},
  author={Lebon, G and Jou, D and Casas-V{\'a}zquez, J},
  journal={Understanding Non-equilibrium Thermodynamics: Foundations, Applications, Frontiers},
  pages={37--68},
  year={2008},
  publisher={Springer}
}

@book{muller1998rational,
  title={Rational Extended Thermodynamics},
  author={M{\"u}ller, I. and Ruggeri, T.},
  isbn={9780387983738},
  lccn={97031936},
  series={Springer Tracts in Natural Philosophy Series},
  url={http://books.google.com.hk/books?id=HRAbAQAAIAAJ},
  year={1998},
  publisher={Springer Verlag}
}

@book{hans2005beyond,
  title={Beyond Equilibrium Thermodynamics},
  author={Hans Christian {\"O}ttinger},
  isbn={9780471727910},
  url={http://books.google.com.hk/books?id=oew6h9H\_37oC},
  year={2005},
  publisher={Wiley}
}

@article{dong2011generalized,
  title={Generalized heat conduction laws based on thermomass theory and phonon hydrodynamics},
  author={Dong, Yuan and Cao, Bing-Yang and Guo, Zeng-Yuan},
  journal={Journal of Applied Physics},
  volume={110},
  number={6},
  pages={063504},
  year={2011},
  publisher={AIP Publishing}
}

@article{zeng2006motion,
  title={MOTION AND TRANSFER OF THERMAL MASS¡ª¡ªTHERMAL MASS AND THERMON GAS },
  author={Zeng-Yuan, GUO},
  journal={Journal of Engineering Thermophysics},
  volume={4},
  pages={029},
  year={2006}
}
@article{zhu2014conservation,
  title={Conservation-dissipation formalism of irreversible thermodynamics},
  author={Zhu, Yi and Hong, Liu and Yang, Zaibao and Yong, Wen-An},
  journal={arXiv preprint arXiv:1407.5498},
  year={2014}
}

@article{yong2008interesting,
  title={An interesting class of partial differential equations},
  author={Yong, Wen-An},
  journal={Journal of Mathematical Physics},
  volume={49},
  number={3},
  pages={033503},
  year={2008},
  publisher={AIP Publishing}
}

@article{yong1999singular,
  title={Singular perturbations of first-order hyperbolic systems with stiff source terms},
  author={Yong, Wen-An},
  journal={Journal of differential equations},
  volume={155},
  number={1},
  pages={89--132},
  year={1999},
  publisher={Elsevier}
}
@article{kawashima2004dissipative,
  title={Dissipative structure and entropy for hyperbolic systems of balance laws},
  author={Kawashima, S and Yong, W-A},
  journal={Archive for rational mechanics and analysis},
  volume={174},
  number={3},
  pages={345--364},
  year={2004},
  publisher={Springer}
}

@article{friedrichs1971systems,
  title={Systems of conservation equations with a convex extension},
  author={Friedrichs, Kurt O and Lax, Peter D},
  journal={Proceedings of the National Academy of Sciences},
  volume={68},
  number={8},
  pages={1686--1688},
  year={1971},
  publisher={National Acad Sciences}
}

@incollection{cattaneo2011sulla,
  title={Sulla conduzione del calore},
  author={Cattaneo, Carlo},
  booktitle={Some Aspects of Diffusion Theory},
  pages={485--485},
  year={2011},
  publisher={Springer}
}

@incollection{yong2001basic,
  title={Basic aspects of hyperbolic relaxation systems},
  author={Yong, Wen-An},
  booktitle={Advances in the theory of shock waves},
  pages={259--305},
  year={2001},
  publisher={Springer}
}

@article{chen1994hyperbolic,
  title={Hyperbolic conservation laws with stiff relaxation terms and entropy},
  author={Chen, Gui-Qiang and Levermore, C David and Liu, Tai-Ping},
  journal={Communications on Pure and Applied Mathematics},
  volume={47},
  number={6},
  pages={787--830},
  year={1994},
  publisher={Wiley Online Library}
}

@incollection{liu2002rational,
  title={Rational Extended Thermodynamics},
  author={Liu, I-Shih},
  booktitle={Continuum Mechanics},
  pages={199--232},
  year={2002},
  publisher={Springer}
}

@incollection{muller1998formal,
  title={Formal Structure of Extended Thermodynamics},
  author={M{\"u}ller, Ingo and Ruggeri, Tomasso},
  booktitle={Rational Extended Thermodynamics},
  pages={27--49},
  year={1998},
  publisher={Springer}
}
